@book{husserl1928,
  author = {Edmund Husserl},
  title = {Vorlesungen zur Phänomenologie des inneren Zeitbewusstseins},
  publisher = {Max Niemeyer},
  year = {1928},
  address = {Halle}
}

@book{bergson1896,
  author = {Henri Bergson},
  title = {Matière et mémoire. Essai sur la relation du corps à l'esprit},
  publisher = {Félix Alcan},
  year = {1896},
  address = {Paris}
}

@book{bergson1889,
  author = {Henri Bergson},
  title = {Essai sur les données immédiates de la conscience},
  publisher = {Félix Alcan},
  year = {1889},
  address = {Paris}
}

@book{heidegger1927,
  author = {Martin Heidegger},
  title = {Sein und Zeit},
  publisher = {Max Niemeyer},
  year = {1927},
  address = {Tübingen}
}

@book{merleau-ponty1945,
  author = {Maurice Merleau-Ponty},
  title = {Phénoménologie de la perception},
  publisher = {Gallimard},
  year = {1945},
  address = {Paris}
}

@book{derrida1967,
  author = {Jacques Derrida},
  title = {De la grammatologie},
  publisher = {Editions de Minuit},
  year = {1967},
  address = {Paris}
}

@book{levinas1974,
  author = {Emmanuel Levinas},
  title = {Autrement qu'être ou au-delà de l'essence},
  publisher = {Martinus Nijhoff},
  year = {1974},
  address = {The Hague}
}

@book{benjamin1928,
  author = {Walter Benjamin},
  title = {Ursprung des deutschen Trauerspiels},
  publisher = {Ernst Rowohlt},
  year = {1928},
  address = {Berlin}
}

@book{ricoeur2000,
  author = {Paul Ricoeur},
  title = {La mémoire, l'histoire, l'oubli},
  publisher = {Seuil},
  year = {2000},
  address = {Paris}
}

@book{gadamer1960,
  author = {Hans-Georg Gadamer},
  title = {Wahrheit und Methode. Grundzüge einer philosophischen Hermeneutik},
  publisher = {J.C.B. Mohr},
  year = {1960},
  address = {Tübingen}
}

@book{peirce1931,
  author = {Charles Sanders Peirce},
  title = {Collected Papers of Charles Sanders Peirce},
  editor = {Charles Hartshorne and Paul Weiss},
  publisher = {Harvard University Press},
  year = {1931-1958},
  address = {Cambridge, MA},
  volumes = {8}
}

@book{agamben2000,
  author = {Giorgio Agamben},
  title = {Il tempo che resta. Un commento alla Lettera ai Romani},
  publisher = {Bollati Boringhieri},
  year = {2000},
  address = {Turin}
}

@book{jankelvitch1957,
  author = {Vladimir Jankélévitch},
  title = {Le Je-ne-sais-quoi et le Presque-rien},
  publisher = {Presses Universitaires de France},
  year = {1957},
  address = {Paris}
}

@book{weil1947,
  author = {Simone Weil},
  title = {La pesanteur et la grâce},
  publisher = {Plon},
  year = {1947},
  address = {Paris}
}

@book{foucault1969,
  author = {Michel Foucault},
  title = {L'archéologie du savoir},
  publisher = {Gallimard},
  year = {1969},
  address = {Paris}
}

@book{husserl1913,
  author = {Edmund Husserl},
  title = {Ideen zu einer reinen Phänomenologie und phänomenologischen Philosophie},
  publisher = {Max Niemeyer},
  year = {1913},
  address = {Halle}
}

@book{kuki1930,
  author = {Shūzō Kuki},
  title = {Iki no kōzō},
  publisher = {Iwanami Shoten},
  year = {1930},
  address = {Tokyo}
}

@book{marcus1997,
  author = {Marcus Aurelius},
  title = {Meditationes},
  editor = {A.S.L. Farquharson},
  publisher = {Oxford University Press},
  year = {1997},
  address = {Oxford},
  note = {Text from 2nd century CE}
}

@book{aristotle1993,
  author = {Aristotle},
  title = {De Anima},
  editor = {R.D. Hicks},
  publisher = {Cambridge University Press},
  year = {1993},
  address = {Cambridge},
  note = {Text from 4th century BCE}
}

@book{plato1997republic,
  author = {Plato},
  title = {Republic},
  editor = {John M. Cooper},
  publisher = {Hackett Publishing},
  year = {1997},
  address = {Indianapolis},
  note = {Text from 4th century BCE}
}

@book{pindar1997,
  author = {Pindar},
  title = {Olympian Odes, Pythian Odes},
  editor = {William H. Race},
  publisher = {Harvard University Press},
  year = {1997},
  address = {Cambridge, MA}
}

@book{chantraine1968,
  author = {Pierre Chantraine},
  title = {Dictionnaire étymologique de la langue grecque},
  publisher = {Klincksieck},
  year = {1968-1980},
  address = {Paris}
}

@book{didi-huberman2002,
  author = {Georges Didi-Huberman},
  title = {L'image survivante. Histoire de l'art et temps des fantômes selon Aby Warburg},
  publisher = {Editions de Minuit},
  year = {2002},
  address = {Paris}
}










@book{derrida1972,
  author = {Jacques Derrida},
  title = {Marges de la philosophie},
  publisher = {Editions de Minuit},
  year = {1972},
  address = {Paris}
}

@book{ginzburg1986,
  author = {Carlo Ginzburg},
  title = {Miti, emblemi, spie. Morfologia e storia},
  publisher = {Einaudi},
  year = {1986},
  address = {Turin}
}

@book{blanchot1980,
  author = {Maurice Blanchot},
  title = {L'écriture du désastre},
  publisher = {Gallimard},
  year = {1980},
  address = {Paris}
}

@book{ricoeur1983,
  author = {Paul Ricoeur},
  title = {Temps et récit},
  publisher = {Seuil},
  year = {1983-1985},
  address = {Paris},
  volumes = {3}
}

@book{deleuze1968,
  author = {Gilles Deleuze},
  title = {Différence et répétition},
  publisher = {Presses Universitaires de France},
  year = {1968},
  address = {Paris}
}

@book{eco1984,
  author = {Umberto Eco},
  title = {Semiotica e filosofia del linguaggio},
  publisher = {Einaudi},
  year = {1984},
  address = {Turin}
}

@book{ricoeur1969,
  author = {Paul Ricoeur},
  title = {Le conflit des interprétations. Essais d'herméneutique},
  publisher = {Seuil},
  year = {1969},
  address = {Paris}
}

@book{vattimo1994,
  author = {Gianni Vattimo},
  title = {Oltre l'interpretazione},
  publisher = {Laterza},
  year = {1994},
  address = {Rome-Bari}
}

@book{sini1989,
  author = {Carlo Sini},
  title = {I segni dell'anima. Saggio sull'immagine},
  publisher = {Laterza},
  year = {1989},
  address = {Rome-Bari}
}

@book{ferraris1998,
  author = {Maurizio Ferraris},
  title = {L'ermeneutica},
  publisher = {Laterza},
  year = {1998},
  address = {Rome-Bari}
}

@book{auge2003,
  author = {Marc Augé},
  title = {Le temps en ruines},
  publisher = {Galilée},
  year = {2003},
  address = {Paris}
}

@article{simmel1911,
  author = {Georg Simmel},
  title = {Die Ruine. Ein ästhetischer Versuch},
  journal = {Der Tag},
  year = {1911},
  volume = {124}
}

@book{orlando1993,
  author = {Francesco Orlando},
  title = {Gli oggetti desueti nelle immagini della letteratura},
  publisher = {Einaudi},
  year = {1993},
  address = {Turin}
}

@book{settis2004,
  author = {Salvatore Settis},
  title = {Futuro del classico},
  publisher = {Einaudi},
  year = {2004},
  address = {Turin}
}

@book{assmann1999,
  author = {Aleida Assmann},
  title = {Erinnerungsräume: Formen und Wandlungen des kulturellen Gedächtnisses},
  publisher = {C.H. Beck},
  year = {1999},
  address = {Munich}
}

@book{dufrenne1953,
  author = {Mikel Dufrenne},
  title = {Phénoménologie de l'expérience esthétique},
  publisher = {Presses Universitaires de France},
  year = {1953},
  address = {Paris}
}

@book{han2010,
  author = {Byung-Chul Han},
  title = {Müdigkeitsgesellschaft},
  publisher = {Matthes & Seitz},
  year = {2010},
  address = {Berlin}
}

@book{perniola1991,
  author = {Mario Perniola},
  title = {Del sentire},
  publisher = {Einaudi},
  year = {1991},
  address = {Turin}
}

@book{nancy1994,
  author = {Jean-Luc Nancy},
  title = {Les Muses},
  publisher = {Galilée},
  year = {1994},
  address = {Paris}
}

@book{cioran1964,
  author = {Emil M. Cioran},
  title = {La chute dans le temps},
  publisher = {Gallimard},
  year = {1964},
  address = {Paris}
}

@book{anders1956,
  author = {Günther Anders},
  title = {Die Antiquiertheit des Menschen},
  publisher = {C.H. Beck},
  year = {1956},
  address = {Munich}
}

@book{sloterdijk1998,
  author = {Peter Sloterdijk},
  title = {Sphären},
  publisher = {Suhrkamp},
  year = {1998-2004},
  address = {Frankfurt am Main},
  volumes = {3}
}

@book{morin1977,
  author = {Edgar Morin},
  title = {La méthode},
  publisher = {Seuil},
  year = {1977-2004},
  address = {Paris},
  volumes = {6}
}

@book{greimas1970,
  author = {Algirdas Julien Greimas},
  title = {Du sens. Essais sémiotiques},
  publisher = {Seuil},
  year = {1970},
  address = {Paris}
}

@book{benjamin1936,
  author = {Walter Benjamin},
  title = {Das Kunstwerk im Zeitalter seiner technischen Reproduzierbarkeit},
  publisher = {Zeitschrift für Sozialforschung},
  year = {1936},
  address = {Paris}
}

@book{heidegger1975,
  author = {Martin Heidegger},
  title = {Die Grundprobleme der Phänomenologie},
  publisher = {Vittorio Klostermann},
  year = {1975},
  address = {Frankfurt am Main},
  note = {Lectures from 1927}
}

@book{nancy1996,
  author = {Jean-Luc Nancy},
  title = {Être singulier pluriel},
  publisher = {Galilée},
  year = {1996},
  address = {Paris}
}

@book{agamben1990,
  author = {Giorgio Agamben},
  title = {La comunità che viene},
  publisher = {Einaudi},
  year = {1990},
  address = {Turin}
}

@book{nancy2000,
  author = {Jean-Luc Nancy},
  title = {L'intrus},
  publisher = {Galilée},
  year = {2000},
  address = {Paris}
}

@book{derrida1993,
  author = {Jacques Derrida},
  title = {Spectres de Marx},
  publisher = {Galilée},
  year = {1993},
  address = {Paris}
}

@book{serres1982,
  author = {Michel Serres},
  title = {Genèse},
  publisher = {Grasset},
  year = {1982},
  address = {Paris}
}

@book{virilio1977,
  author = {Paul Virilio},
  title = {Vitesse et politique},
  publisher = {Galilée},
  year = {1977},
  address = {Paris}
}

@book{bachelard1957,
  author = {Gaston Bachelard},
  title = {La poétique de l'espace},
  publisher = {Presses Universitaires de France},
  year = {1957},
  address = {Paris}
}

@book{kristeva1980,
  author = {Julia Kristeva},
  title = {Désir en langage},
  publisher = {Seuil},
  year = {1980},
  address = {Paris}
}

@book{irigaray1984,
  author = {Luce Irigaray},
  title = {Éthique de la différence sexuelle},
  publisher = {Editions de Minuit},
  year = {1984},
  address = {Paris}
}